@ARTICLE{risk_parity,
	author={T. Roncalli and G. Weisang},
	title={Risk Parity Portfolios with Risk Factors},
	year={2012},
	month={Sep}}

@ARTICLE{iterative_meth,
	author={Jaehyuk Choi1 and Rong Chen},
	title={Improved iterative methods for solving risk parity portfolio},
	year={2022},
	month={Fec}}
